<record><leader>00000cas a22000007a 4500</leader><controlfield tag="001">1567874</controlfield><controlfield tag="008">750824c19109999nduwr ne      0    0eng d</controlfield><datafield ind1=" " ind2=" " tag="010"><subfield code="a">sn 88076373 </subfield></datafield><datafield ind1=" " ind2=" " tag="040"><subfield code="a">MUL</subfield><subfield code="b">eng</subfield><subfield code="c">MUL</subfield><subfield code="d">OCL</subfield><subfield code="d">NOP</subfield><subfield code="d">OCLCF</subfield><subfield code="d">OCLCO</subfield></datafield><datafield ind1="1" ind2=" " tag="029"><subfield code="a">AU@</subfield><subfield code="b">000025837809</subfield></datafield><datafield ind1=" " ind2=" " tag="042"><subfield code="a">msc</subfield></datafield><datafield ind1="0" ind2="0" tag="245"><subfield code="a">Enderlin independent.</subfield></datafield><datafield ind1=" " ind2=" " tag="260"><subfield code="a">Enderlin, Ransom County, N.D. :</subfield><subfield code="b">Enderlin Pub. Co.,</subfield></datafield><datafield ind1=" " ind2=" " tag="300"><subfield code="a">v. :</subfield><subfield code="b">ill. ;</subfield><subfield code="c">61 cm.</subfield></datafield><datafield ind1=" " ind2=" " tag="310"><subfield code="a">Weekly</subfield></datafield><datafield ind1="0" ind2=" " tag="362"><subfield code="a">Vol. 17, no. 20 (Nov. 3, 1910)-</subfield></datafield><datafield ind1=" " ind2=" " tag="500"><subfield code="a">"Official Paper City and County", &lt;Nov. 3, 1910&gt;-Dec. 24, 1922.</subfield></datafield><datafield ind1=" " ind2=" " tag="500"><subfield code="a">"Official Paper of City of Enderlin", Jan. 4, 1923-</subfield></datafield><datafield ind1=" " ind2=" " tag="530"><subfield code="a">Available on microfilm from the State Historical Society of North Dakota.</subfield></datafield><datafield ind1=" " ind2=" " tag="580"><subfield code="a">Issued with:  Alice department, The Elliot news, The Alice advocate, The McLeod enterprise (McLeod, N.D.), and Englevale reporter.</subfield></datafield><datafield ind1="2" ind2="0" tag="610"><subfield code="a">National Nonpartisan League</subfield><subfield code="z">North Dakota</subfield><subfield code="v">Newspapers.</subfield></datafield><datafield ind1=" " ind2="7" tag="655"><subfield code="a">Newspapers.</subfield><subfield code="2">fast</subfield><subfield code="0">(OCoLC)fst01423814</subfield></datafield><datafield ind1="2" ind2="7" tag="610"><subfield code="a">National Nonpartisan League.</subfield><subfield code="2">fast</subfield><subfield code="0">(OCoLC)fst00516027</subfield></datafield><datafield ind1=" " ind2="7" tag="651"><subfield code="a">North Dakota.</subfield><subfield code="2">fast</subfield><subfield code="0">(OCoLC)fst01205582</subfield></datafield><datafield ind1=" " ind2=" " tag="752"><subfield code="a">United States</subfield><subfield code="b">North Dakota</subfield><subfield code="c">Ransom</subfield><subfield code="d">Enderlin.</subfield></datafield><datafield ind1="1" ind2=" " tag="777"><subfield code="t">Alice department</subfield><subfield code="w">(DLC)sn 89074202</subfield></datafield><datafield ind1="1" ind2=" " tag="777"><subfield code="t">Elliot news</subfield><subfield code="w">(DLC)sn 89074204</subfield></datafield><datafield ind1="1" ind2=" " tag="777"><subfield code="t">Alice advocate</subfield><subfield code="w">(DLC)sn 89074203</subfield></datafield><datafield ind1="1" ind2=" " tag="777"><subfield code="t">McLeod enterprise (McLeod, N.D.)</subfield><subfield code="w">(DLC)sn 89074206</subfield></datafield><datafield ind1="1" ind2=" " tag="777"><subfield code="t">Englevale reporter</subfield><subfield code="w">(DLC)sn 89074205</subfield></datafield><datafield ind1="0" ind2="0" tag="780"><subfield code="t">Ransom County independent</subfield><subfield code="w">(DLC)sn 88076372</subfield></datafield><datafield ind1="0" ind2="5" tag="780"><subfield code="t">Enderlin headlight</subfield></datafield></record>